@Article{trackeR:Bates+Maechler+Bolker:2015,
  title = {Fitting Linear Mixed-Effects Models Using \pkg{lme4}},
  author = {Douglas Bates and Martin M{\"a}chler and Ben Bolker and Steve Walker},
  journal = {Journal of Statistical Software},
  year = {2015},
  volume = {67},
  number = {1},
  pages = {1--48},
  doi = {10.18637/jss.v067.i01},
  keywords = {stats, mixed effects}
}

@Article{trackeR:Bohannon:1997,
  author = 	 {Richard W. Bohannon},
  title = 	 {Comfortable and Maximum Walking Speed of Adults Aged 20--79 Years: Reference Values and Determinants},
  journal = 	 {Age and Ageing},
  year = 	 1997,
  volume = 	 26,
  number = 	 1,
  pages = 	 {15--19},
  doi = {10.1093/ageing/26.1.15},
  keywords = {sports, preferred walking speed}
}

@Manual{trackeR:Fraley+Raftery+Murphy:2012,
  title = {\pkg{mclust} Version~4 for \proglang{R}: Normal Mixture Modeling for
    Model-Based Clustering, Classification, and Density Estimation},
  author = {Chris Fraley and Adrian E. Raftery and Thomas Brendan Murphy and Luca Scrucca},
  year = {2012},
  type = {Technical Report},
  number = {597},
  institution = {Department of Statistics, University of Washington},
}

@Article{trackeR:Fraley+Raftery:2002,
  title = {Model-Based Clustering, Discriminant Analysis and Density Estimation},
  author = {Chris Fraley and Adrian E. Raftery},
  year = {2002},
  journal = {Journal of the American Statistical Association},
  volume = {97},
  pages = {611-631},
}

@Manual{trackeR:Hijmans:2015,
  title = {\pkg{raster}: Geographic Data Analysis and Modeling},
  author = {Robert J. Hijmans},
  year = {2015},
  note = {\proglang{R}~package version 2.4-20},
  url = {http://CRAN.R-project.org/package=raster},
}

@Article{trackeR:Hyndman+Khandakar:2008,
  title = {Automatic Time Series Forecasting: The \pkg{forecast} Package for \proglang{R}},
  author = {Rob J. Hyndman and Yeasmin Khandakar},
  journal = {Journal of Statistical Software},
  volume = {27},
  number = {3},
  pages = {1--22},
  year = {2008},
  doi = {10.18637/jss.v027.i03},
  keywords = {stats, time series}
}

@Article{trackeR:Jones+Vanhatalo+Burnley:2010,
  author = 	 {Andrew M. Jones and Anni Vanhatalo and Mark Burnley and R. Hugh Morton and David C. Poole},
  title = 	 {Critical Power: Implications for Determination of VO2max and Exercise Tolerance},
  journal = 	 {Medicine \& Science in Sports \& Exercise},
  year = 	 2010,
  volume = 	 42,
  number = 	 10,
  pages = 	 {1876--1890},
  doi = {10.1249/MSS.0b013e3181d9cf7f},
  keywords = {sports, critical power}
}

@Article{trackeR:Kahle+Wickham:2013,
  author = {David Kahle and Hadley Wickham},
  title = {\pkg{ggmap}: Spatial Visualization with \pkg{ggplot2}},
  journal = {The {R} Journal},
  year = {2013},
  volume = {5},
  number = {1},
  pages = {144--161},
  url = {http://journal.r-project.org/archive/2013-1/kahle-wickham.pdf},
}

@Unpublished{trackeR:Kosmidis+Passfield:2015,
  author = 	 {Ioannis Kosmidis and Louis Passfield},
  title = 	 {Linking the Performance of Endurance Runners to Training and
Physiological Effects via Multi-Resolution Elastic Net},
  note = 	 {ArXiv e-print arXiv:1506.01388},
  year = 	 2015,
  keywords = {stats, sports, training distribution profile}
}

@Article{trackeR:Leisch:2006,
  author = {Friedrich Leisch},
  title = {A Toolbox for K-Centroids Cluster Analysis},
  journal = {Computational Statistics and Data Analysis},
  year = {2006},
  volume = {51},
  number = {2},
  pages = {526--544},
}

@Article{trackeR:Luque:2007,
  title = {Diving Behaviour Analysis in {R}},
  author = {Sebastian P. Luque},
  journal = {{R News}},
  year = {2007},
  volume = {7},
  number = {3},
  pages = {8--14},
}

@Article{trackeR:Monod+Scherrer:1965,
  author = 	 {H. Monod and J. Scherrer},
  title = 	 {The Work Capacity of a Synergic Muscular Group},
  journal = 	 {Ergonomics},
  year = 	 1965,
  volume = 	 8,
  number = 	 3,
  pages = 	 {329--338},
  doi = {10.1080/00140136508930810},
  keywords = {sport, cycling, critical power model}
}

@Article{trackeR:Pebesma+Bivand:2005,
  author = {Edzer J. Pebesma and Roger S. Bivand},
  title = {Classes and Methods for Spatial Data in \proglang{R}},
  journal = {R News},
  year = {2005},
  volume = {5},
  number = {2},
  pages = {9--13},
  month = {November},
  url = {http://CRAN.R-project.org/doc/Rnews/},
}

@Article{trackeR:Pinot+Grappe:2011,
  author = 	 {Julien Pinot and Fr{\'e}d{\'e}ric Grappe},
  title = 	 {The Record Power Profile to Assess Performance in Elite Cyclists},
  journal = 	 {International Journal of Sports Medicine},
  year = 	 2011,
  volume = 	 32,
  pages = 	 {839--844},
  doi = {10.1055/s-0031-1279773},
  keywords = {sports, cycling, record power profile}
}

@Article{trackeR:Pya+Wood:2015,
  author = 	 {Natalya Pya and Simon N. Wood},
  title = 	 {Shape Constrained Additive Models},
  journal = 	 {Statistics and Computing},
  year = 	 2015,
  volume = 	 25,
  number = 	 3,
  pages = 	 {543--559}
}

@Manual{trackeR:R,
  title = {\proglang{R}: A Language and Environment for Statistical Computing},
  author = {{R Core Team}},
  organization = {R Foundation for Statistical Computing},
  address = {Vienna, Austria},
  year = {2015},
  url = {https://www.R-project.org/},
}

@Book{trackeR:Ramsay+Silverman:2005,
  author = 	 {James O. Ramsay and Bernard W. Silverman},
  title = 	 {Functional Data Analysis},
  publisher = 	 {Springer-Verlag},
  year = 	 2005
}

@Article{trackeR:Seiler+Kjerland:2006,
  author = 	 {K. Stephen Seiler and Glenn {\O}vrevik Kjerland},
  title = 	 {Quantifying Training Intensity Distribution in Elite Endurance Athletes: Is there Evidence for an 'Optimal' Distribution?},
  journal = 	 {Scandinavian Journal of Medicine \& Science in Sports},
  year = 	 2006,
  volume = 	 16,
  number = 	 1,
  pages = 	 {49--56},
  doi = {10.1111/j.1600-0838.2004.00418.x},
  keywords = {sports, training in zones}
}
  
@Article{trackeR:Skiba+Chidnok+Vanhatalo:2012,
  author = 	 {Philip Friere Skiba and Weerapong Chidnok and Anni Vanhatalo and Andrew M. Jones},
  title = 	 {Modeling the Expenditure and Reconstitution of Work Capacity above Critical Power},
  journal = 	 {Medicine \& Science in Sports \& Exercise},
  year = 	 2012,
  volume = 	 44,
  number = 	 8,
  pages = 	 {1526--1532},
  doi = {10.1249/MSS.0b013e3182517a80},
  keywords = {sports, cycling, critical power, Wprime}
}
  
@Article{trackeR:Skiba+Fulford+Clarke:2015,
  author = 	 {Philip Friere Skiba and Jonathan Fulford and David C. Clarke and Anni Vanhatalo and Andrew M. Jones},
  title = 	 {Intramuscular Determinants of the Abilility to Recover Work Capacity above Critical Power},
  journal = 	 {European Journal of Applied Physiology},
  year = 	 2015,
  volume = 	 115,
  number = 	 4,
  pages = 	 {703--713},
  doi = {10.1007/s00421-014-3050-3},
  keywords = {sports, cycling, Wprime}
}

@article{trackeR:Zeileis+Grothendieck:2005,
  author = {Achim Zeileis and Gabor Grothendieck},
  title = {\pkg{zoo}: {S3} Infrastructure for Regular and Irregular Time Series},
  journal = {Journal of Statistical Software},
  year = {2005},
  volume = {14},
  number = {6},
  pages = {1--27},
  doi = {10.18637/jss.v014.i06}
}

@Article{trackeR:Zeileis+Leisch+Hornik:2002,
  title = {\pkg{strucchange}: An \proglang{R}~Package for Testing for Structural Change in Linear Regression Models},
  author = {Achim Zeileis and Friedrich Leisch and Kurt Hornik and Christian Kleiber},
  journal = {Journal of Statistical Software},
  year = {2002},
  volume = {7},
  number = {2},
  pages = {1--38},
  doi = {10.18637/jss.v007.i02},
  keywords = {stats, structural change}
}

@Manual{trackeR:forerunner310XT,
  title = 	 {Forerunner 310XT Owner's Manual, {Rev. G}},
  author = 	 {{Garmin Ltd.}},
  month = 	 {January},
  year = 	 2013,
  url = {http://static.garmincdn.com/pumac/Forerunner310XT_OM_EN.pdf}
}

@Manual{trackeR:pkg:BayesianAnimalTracker,
  title = {\pkg{BayesianAnimalTracker}: Bayesian Melding of GPS and DR Path for Animal Tracking},
  author = {Yang (Seagle) Liu},
  year = {2014},
  note = {\proglang{R}~package version 1.2},
  url = {http://CRAN.R-project.org/package=BayesianAnimalTracker},
}

@Manual{trackeR:pkg:RcmdrPlugin.SM,
  title = {\pkg{RcmdrPlugin.SM}: Rcmdr Sport Management Plug-In},
  author = {St√©phane Champely},
  year = {2012},
  note = {\proglang{R}~package version 0.3.1},
  url = {http://CRAN.R-project.org/package=RcmdrPlugin.SM},
}

@Manual{trackeR:pkg:SportsAnalytics,
  title = {\pkg{SportsAnalytics}: Infrastructure for Sports Analytics},
  author = {Manuel J. A. Eugster},
  year = 2013,
  note = {\proglang{R}~package version 0.1},
  url = {http://soccer.r-forge.r-project.org/}
}

@Manual{trackeR:pkg:TrackReconstruction,
  title = {\pkg{TrackReconstruction}: Reconstruct Animal Tracks from Magnetometer, Accelerometer, Depth and Optional Speed Data},
  author = {Brian Battaile},
  year = {2014},
  note = {\proglang{R}~package version 1.1},
  url = {http://CRAN.R-project.org/package=TrackReconstruction},
}

@Manual{trackeR:pkg:animalTrack,
  title = {\pkg{animalTrack}: Animal Track Reconstruction for High Frequency 2-Dimensional (2D) or 3-Dimensional (3D) Movement Data},
  author = {Ed Farrell and Lee Fuiman},
  year = {2013},
  note = {\proglang{R}~package version 1.0.0},
  url = {http://CRAN.R-project.org/package=animalTrack},
}

@Manual{trackeR:pkg:cluster,
  title = {\pkg{cluster}: Cluster Analysis Basics and Extensions},
  author = {Martin Maechler and Peter Rousseeuw and Anja Struyf and Mia Hubert and Kurt Hornik},
  year = {2015},
  note = {\proglang{R}~package version 2.0.3},
  url = {http://CRAN.R-project.org/package=cluster},
}

@Manual{trackeR:pkg:cycleRtools,
  title = {\pkg{cycleRtools}: Tools for Cycling Data Analysis},
  author = {Jordan Mackie},
  year = {2015},
  note = {\proglang{R}~package version 1.0.4},
  url = {https://github.com/jmackie4/cycleRtools}
}

@Manual{trackeR:pkg:fda,
  title = {\pkg{fda}: Functional Data Analysis},
  author = {James O. Ramsay and Hadley Wickham and Spencer Graves and Giles Hooker},
  year = {2014},
  note = {\proglang{R}~package version 2.4.4},
  url = {http://CRAN.R-project.org/package=fda}
}

@Manual{trackeR:pkg:move,
  title = {\pkg{move}: Visualizing and Analyzing Animal Track Data},
  author = {Bart Kranstauber and Marco Smolla},
  year = {2015},
  note = {\proglang{R}~package version 1.5.514},
  url = {http://CRAN.R-project.org/package=move},
}

@Manual{trackeR:pkg:mvglmmRank,
  title = {\pkg{mvglmmRank}: Multivariate Generalized Linear Mixed Models for Ranking Sports Teams},
  author = {Andrew T. Karl and Jennifer Broatch},
  year = {2015},
  note = {\proglang{R}~package version 1.1-2},
  url = {http://CRAN.R-project.org/package=mvglmmRank},
}

@Manual{trackeR:pkg:pinnacle.API,
  title = {\pkg{pinnacle.API}: A Wrapper for the Pinnacle Sports API},
  author = {Marco Blume and Nicholas Jhirad and Amine Gassem},
  year = {2015},
  note = {\proglang{R}~package version 1.90},
  url = {http://CRAN.R-project.org/package=pinnacle.API},
}

@Manual{trackeR:pkg:scam,
  title = {\pkg{scam}: Shape Constrained Additive Models},
  author = {Natalya Pya},
  year = {2015},
  note = {\proglang{R}~package version 1.1-9},
  url = {http://CRAN.R-project.org/package=scam},
}

@Manual{trackeR:pkg:trip,
  title = {\pkg{trip}: Tools for the Analysis of Animal Track Data},
  author = {Michael D. Sumner},
  year = {2015},
  note = {\proglang{R}~package version 1.1-21},
  url = {http://CRAN.R-project.org/package=trip},
}

